@ARTICLE{Adhikary_Safadi_Samimi_IEEE_SJAC_2014, 
author={A. {Adhikary} and E. {Al Safadi} and M. K. {Samimi} and R. {Wang} and G. {Caire} and T. S. {Rappaport} and A. F. {Molisch}}, 
journal=IEEE_J_JSAC, 
title={Joint Spatial Division and Multiplexing for {mm-Wave} Channels}, 
year={2014}, 
volume={32}, 
number={6}, 
pages={1239-1255}, 
month=jun,}

@ARTICLE{Adhikary_Nam_Ahn_IEEE_IT_2013, 
	author={A. {Adhikary} and J. {Nam} and J. {Ahn} and G. {Caire}}, 
	journal=IEEE_J_IT, 
	title={Joint Spatial Division and Multiplexing—The Large-Scale Array Regime}, 
	year={2013}, 
	volume={59}, 
	number={10}, 
	pages={6441-6463},
	month=oct,}
	
	@ARTICLE{Nam_Adhikary_Ahn_IEEE_SJAS_2014, 
	author={J. {Nam} and A. {Adhikary} and J. {Ahn} and G. {Caire}}, 
	journal=IEEE_J_STSP, 
	title={Joint Spatial Division and Multiplexing: Opportunistic Beamforming, User Grouping and Simplified Downlink Scheduling}, 
	year={2014}, 
	volume={8}, 
	number={5}, 
	pages={876-890},
	month=oct,}
	
@article{Nadeem_Kammoun_Alouini_2018,
author    = {Qurrat{-}Ul{-}Ain Nadeem and Abla Kammoun and
Mohamed{-}Slim Alouini},
title     = {Elevation Beamforming with Full Dimension {MIMO} Architectures in {5G} Systems: {A} Tutorial},
journal   = {CoRR},
volume    = {abs/1805.00225},
year      = {2018},
url       = {http://arxiv.org/abs/1805.00225},
archivePrefix = {arXiv},}

@INPROCEEDINGS{Deng:2018, 
author={J. {Deng} and S. {Medjkouh} and N. {Malm} and O. {Tirkkonen} and C. {Studer}}, 
booktitle={Proc. of  52nd Asilomar Conference on Signals, Systems, and Computers}, 
title={Multipoint Channel Charting for Wireless Networks}, 
year={2018}, 
volume={}, 
number={}, 
pages={286-290}, 
month=oct,}

@ARTICLE{Studer:2018, 
author={C. {Studer} and S. {Medjkouh} and E. {Gönültaş} and T. {Goldstein} and O. {Tirkkonen}}, 
journal={IEEE Access}, 
title={Channel Charting: Locating Users Within the Radio Environment Using Channel State Information}, 
year={2018}, 
volume={6}, 
number={}, 
pages={47682-47698}, 
ISSN={2169-3536}, 
month={},}

@INPROCEEDINGS{Medjkouh:2018, 
author={S. {Medjkouh} and E. {Gönültaş} and T. {Goldstein} and O. {Tirkkonen} and C. {Studer}}, 
booktitle={Proc. of IEEE Global Communications Conference (GLOBECOM)}, 
title={Unsupervised Charting of Wireless Channels}, 
year={2018}, 
volume={}, 
number={}, 
pages={1-7}, 
ISSN={2576-6813}, 
month=dec,}

@INPROCEEDINGS{Grenander_Szeg:1958,
author={U. Grenander and G. Szego},
title= {Toeplitz Forms and Their Applications},
journal= {Univ of California Press},
 year={1958}, 
 volume={321}
 }
 
 @ARTICLE{Castaneda_Silva_Gameiro:2017, 
 author={E. {Castaneda} and A. {Silva} and A. {Gameiro} and M. {Kountouris}}, 
 journal={IEEE Communications Surveys Tutorials}, 
 title={An Overview on Resource Allocation Techniques for Multi-User {MIMO} Systems}, 
 year={2017}, 
 volume={19}, 
 number={1}, 
 pages={239-284}, 
 month={Firstquarter},}
 
 @ARTICLE{Kim_Lee_Sung:2015, 
 author={D. {Kim} and G. {Lee} and Y. {Sung}}, 
 journal=IEEE_J_COM, 
 title={Two-Stage Beamformer Design for Massive {MIMO} Downlink By Trace Quotient Formulation}, 
 year={2015}, 
 volume={63}, 
 number={6}, 
 pages={2200-2211}, 
 month=jun,}
 
 @ARTICLE{Sadek_Tarighat_Sayed:2007, 
 author={M. {Sadek} and A. {Tarighat} and A. H. {Sayed}}, 
 journal=IEEE_J_WCOM, 
 title={A Leakage-Based Precoding Scheme for Downlink Multi-User {MIMO} Channels}, 
 year={2007}, 
 volume={6}, 
 number={5}, 
 pages={1711-1721}, 
 ISSN={}, 
 month=may,}
 
 @ARTICLE{Xu_Xia_Xu_Wang:2017, 
 author={Y. {Xu} and X. {Xia} and K. {Xu} and Y. {Wang}}, 
 journal={IEEE Access}, 
 title={Three-Dimension Massive {MIMO} for Air-to-Ground Transmission: Location-Assisted Precoding and Impact of {AoD} Uncertainty}, 
 year={2017}, 
 volume={5}, 
 pages={15582-15596},  
 month=jul,}
 
 @ARTICLE{Lian_Jiang_He_He:2019, 
 author={Z. {Lian} and L. {Jiang} and C. {He} and D. {He}}, 
 journal={IEEE Wireless Communications Letters}, 
 title={User Grouping and Beamforming for {HAP} Massive {MIMO} Systems Based on Statistical-Eigenmode}, 
 year={2019}, 
 volume={8}, 
 number={3}, 
 pages={961-964}, 
 ISSN={}, 
 month=jun,}
 
 @ARTICLE{Wiesel_Eldar_Shamai:2006, 
 author={A. {Wiesel} and Y. C. {Eldar} and S. {Shamai}}, 
 journal=IEEE_J_SP, 
 title={Linear precoding via conic optimization for fixed {MIMO} receivers}, 
 year={2006}, 
 volume={54}, 
 number={1}, 
 pages={161-176},  
 month=Jan,}

@ARTICLE{Hassan_Moinuddin_Saggaf_Naffouri:2017, 
	author={A. K. {Hassan} and M. {Moinuddin} and U. M. {Al-Saggaf} and T. Y. {Al-Naffouri}}, 
	journal={IEEE Access}, 
	title={Performance Analysis of Beamforming in {MU-MIMO} Systems for Rayleigh Fading Channels}, 
	year={2017}, 
	volume={5}, 
	number={}, 
	pages={3709-3720}, 
	ISSN={}, 
	month={},}
@ARTICLE{Xu_Yue_Mao:2014, 
	author={Y. {Xu} and G. {Yue} and S. {Mao}}, 
	journal={IEEE Access}, 
	title={User Grouping for Massive {MIMO} in {FDD} Systems: New Design Methods and Analysis}, 
	year={2014}, 
	volume={2}, 
	number={}, 
	pages={947-959}, 
	month={},}

@ARTICLE{Adhikary_Nam_Ahn_Caire:2013, 
	author={A. {Adhikary} and J. {Nam} and J. {Ahn} and G. {Caire}}, 
	journal=IEEE_J_IT, 
	title={Joint Spatial Division and Multiplexing—The Large-Scale Array Regime}, 
	year={2013}, 
	volume={59}, 
	number={10}, 
	pages={6441-6463},  
	ISSN={}, 
	month=oct,}

@ARTICLE{Nam_Adhikary_Ahn_Caire:2014, 
	author={J. {Nam} and A. {Adhikary} and J. {Ahn} and G. {Caire}}, 
	journal=IEEE_J_STSP, 
	title={Joint Spatial Division and Multiplexing: Opportunistic Beamforming, User Grouping and Simplified Downlink Scheduling}, 
	year={2014}, 
	volume={8}, 
	number={5}, 
	pages={876-890},  
	doi={10.1109/JSTSP.2014.2313808}, 
	ISSN={}, 
	month={Oct},}

@ARTICLE{Adhikary_Safadi_Samimi_Wang:2014, 
	author={A. {Adhikary} and E. {Al Safadi} and M. K. {Samimi} and R. {Wang} and G. {Caire} and T. S. {Rappaport} and A. F. {Molisch}}, 
	journal=IEEE_J_JSAC, 
	title={Joint Spatial Division and Multiplexing for {mm-Wave} Channels}, 
	year={2014}, 
	volume={32}, 
	number={6}, 
	month=jun,}


@INPROCEEDINGS{Wang_Xia_Xu_Liu:2017, 
	author={Y. {Wang} and X. {Xia} and K. {Xu} and Y. {Xu} and A. {Liu}}, 
	booktitle={proc. the  {IEEE} Conference on Computer Communications Workshops (INFOCOM WKSHPS)}, 
	title={Location-assisted precoding for three-dimension massive {MIMO} in air-to-ground transmission}, 
	year={2017}, 
	volume={}, 
	number={}, 
	pages={337-342}, 
	month={May},}


@ARTICLE{Li_Jin_Geo_Heath:2016, 
	author={X. {Li} and S. {Jin} and X. {Gao} and R. W. {Heath}}, 
	journal=IEEE_J_VT, 
	title={Three-Dimensional Beamforming for Large-Scale {FD-MIMO} Systems Exploiting Statistical Channel State Information}, 
	year={2016}, 
	volume={65}, 
	number={11}, 
	pages={8992-9005},  
	month={Nov},}

@ARTICLE{Hoydis_Brink_Debbah:2013, 
	author={J. {Hoydis} and S. {ten Brink} and M. {Debbah}}, 
	journal=IEEE_J_JSAC, 
	title={Massive {MIMO} in the {UL/DL} of Cellular Networks: How Many Antennas Do We Need?}, 
	year={2013}, 
	volume={31}, 
	number={2}, 
	pages={160-171}, 
	month=feb,}

@ARTICLE{Ngo_Larsson_Marzetta:2013, 
	author={H. Q. {Ngo} and E. G. {Larsson} and T. L. {Marzetta}}, 
	journal=IEEE_J_COM, 
	title={Energy and Spectral Efficiency of Very Large Multiuser MIMO Systems}, 
	year={2013}, 
	volume={61}, 
	number={4}, 
	pages={1436-1449}, 
	month=apri,}

@ARTICLE{Chalise_Vandendorpe:2009,
	author = {Batu K. Chalise and Luc Vandendorpe},
title = {A Multiuser {MIMO} Transmit Beamformer Based on the Statistics of the Signal-to-leakage Ratio},
journal = {EURASIP J. Wirel. Commun. Netw.},
year = {2009},
month = jan,
year = {2009},
pages = {1-10},
articleno = {17},
numpages = {10},
} 

@INPROCEEDINGS{Ponnada:2019, 
	author={T. Ponnada and H. Al-Tous  and O. Tirkkonen and C. Studer}, 
	booktitle={Proc. 14th EAI International Conference on Cognitive Radio Oriented Wireless Networks (Crowncom)}, 
	title={An Out-of-Sample Extension for  Wireless Multipoint Channel Charting}, 
	year={2019}, 
	volume={}, 
	number={}, 
	month=jun,}

@INPROCEEDINGS{Sun_Gao_Li_Han:2017, 
	author={X. {Sun} and X. {Gao} and G. Y. {Li} and W. {Han}}, 
	booktitle={Proc. IEEE International Conference on Communications (ICC)}, 
	title={Agglomerative user clustering and downlink group scheduling for {FDD} massive {MIMO} systems}, 
	year={2017}, 
	volume={}, 
	number={}, 
	pages={1-6}, 
	month=may,}

@ARTICLE{Yi_Au:2011, 
	author={X. {Yi} and E. K. S. {Au}}, 
	journal=IEEE_J_VT, 
	title={User Scheduling for Heterogeneous Multiuser {MIMO} Systems: A Subspace Viewpoint}, 
	year={2011}, 
	volume={60}, 
	number={8}, 
	pages={4004-4013}, 
	month=oct,}
	
	@ARTICLE{Schmidt:1986, 
	author={R. {Schmidt}}, 
	journal={{IEEE} Trans. Antennas Propag.}, 
	title={Multiple emitter location and signal parameter estimation}, 
	year={1986}, 
	volume={34}, 
	number={3}, 
	pages={276-280}, 
	month={March},}
